<record><leader>00000cas a2200000 a 4500</leader><controlfield tag="001">37306940</controlfield><controlfield tag="008">970716d19061917oruwr ne      0    0eng c</controlfield><datafield ind1=" " ind2=" " tag="010"><subfield code="a">sn 96088428 </subfield></datafield><datafield ind1=" " ind2=" " tag="040"><subfield code="a">OCN</subfield><subfield code="b">eng</subfield><subfield code="c">OCN</subfield><subfield code="d">OCLCQ</subfield><subfield code="d">OCLCF</subfield><subfield code="d">OCLCO</subfield></datafield><datafield ind1="1" ind2=" " tag="029"><subfield code="a">AU@</subfield><subfield code="b">000013408254</subfield></datafield><datafield ind1=" " ind2=" " tag="042"><subfield code="a">pcc</subfield></datafield><datafield ind1=" " ind2=" " tag="043"><subfield code="a">n-us-or</subfield></datafield><datafield ind1="0" ind2="0" tag="245"><subfield code="a">Central Point herald.</subfield></datafield><datafield ind1=" " ind2=" " tag="260"><subfield code="a">Central Point, Or. :</subfield><subfield code="b">Lancaster &amp; Pattison,</subfield><subfield code="c">1906-1917.</subfield></datafield><datafield ind1=" " ind2=" " tag="300"><subfield code="a">v.</subfield></datafield><datafield ind1=" " ind2=" " tag="310"><subfield code="a">Weekly</subfield></datafield><datafield ind1="0" ind2=" " tag="362"><subfield code="a">Vol. 1, no. 1 (Apr. 26, 1906)-v. 11, no. 48 (Mar. 15, 1917).</subfield></datafield><datafield ind1=" " ind2=" " tag="580"><subfield code="a">Merged with: Southern Oregon news, to form: Central Point herald and Southern Oregon news.</subfield></datafield><datafield ind1=" " ind2="0" tag="651"><subfield code="a">Central Point (Or.)</subfield><subfield code="v">Newspapers.</subfield></datafield><datafield ind1=" " ind2="7" tag="655"><subfield code="a">Newspapers.</subfield><subfield code="2">fast</subfield><subfield code="0">(OCoLC)fst01423814</subfield></datafield><datafield ind1=" " ind2="7" tag="651"><subfield code="a">Oregon</subfield><subfield code="z">Central Point.</subfield><subfield code="2">fast</subfield><subfield code="0">(OCoLC)fst01231164</subfield></datafield><datafield ind1=" " ind2=" " tag="752"><subfield code="a">United States</subfield><subfield code="b">Oregon</subfield><subfield code="c">Jackson</subfield><subfield code="d">Central Point.</subfield></datafield><datafield ind1="1" ind2="7" tag="785"><subfield code="t">Southern Oregon news</subfield></datafield><datafield ind1="1" ind2="7" tag="785"><subfield code="t">Central Point herald and Southern Oregon news</subfield><subfield code="w">(DLC)sn 96088429</subfield></datafield></record>